@misc{yuan2017adversarial,
    title={Adversarial Examples: Attacks and Defenses for Deep Learning},
    author={Xiaoyong Yuan and Pan He and Qile Zhu and Xiaolin Li},
    year={2017},
    eprint={1712.07107},
    archivePrefix={arXiv},
    primaryClass={cs.LG}
}

@misc{szegedy2013intriguing,
    title={Intriguing properties of neural networks},
    author={Christian Szegedy and Wojciech Zaremba and Ilya Sutskever and Joan Bruna and Dumitru Erhan and Ian Goodfellow and Rob Fergus},
    year={2013},
    eprint={1312.6199},
    archivePrefix={arXiv},
    primaryClass={cs.CV}
}

@misc{eykholt2017robust,
    title={Robust Physical-World Attacks on Deep Learning Models},
    author={Kevin Eykholt and Ivan Evtimov and Earlence Fernandes and Bo Li and Amir Rahmati and Chaowei Xiao and Atul Prakash and Tadayoshi Kohno and Dawn Song},
    year={2017},
    eprint={1707.08945},
    archivePrefix={arXiv},
    primaryClass={cs.CR}
}

@misc{goodfellow2014explaining,
    title={Explaining and Harnessing Adversarial Examples},
    author={Ian J. Goodfellow and Jonathon Shlens and Christian Szegedy},
    year={2014},
    eprint={1412.6572},
    archivePrefix={arXiv},
    primaryClass={stat.ML}
}

@misc{papernot2016practical,
    title={Practical Black-Box Attacks against Machine Learning},
    author={Nicolas Papernot and Patrick McDaniel and Ian Goodfellow and Somesh Jha and Z. Berkay Celik and Ananthram Swami},
    year={2016},
    eprint={1602.02697},
    archivePrefix={arXiv},
    primaryClass={cs.CR}
}

@article{chen2017zoo,
   title={ZOO},
   ISBN={9781450352024},
   url={http://dx.doi.org/10.1145/3128572.3140448},
   DOI={10.1145/3128572.3140448},
   journal={Proceedings of the 10th ACM Workshop on Artificial Intelligence and Security - AISec  â€™17},
   publisher={ACM Press},
   author={Chen, Pin-Yu and Zhang, Huan and Sharma, Yash and Yi, Jinfeng and Hsieh, Cho-Jui},
   year={2017}
}

@misc{kurakin2016adversarial,
    title={Adversarial examples in the physical world},
    author={Alexey Kurakin and Ian Goodfellow and Samy Bengio},
    year={2016},
    eprint={1607.02533},
    archivePrefix={arXiv},
    primaryClass={cs.CV}
}

@misc{salimans2017evolution,
    title={Evolution Strategies as a Scalable Alternative to Reinforcement Learning},
    author={Tim Salimans and Jonathan Ho and Xi Chen and Szymon Sidor and Ilya Sutskever},
    year={2017},
    eprint={1703.03864},
    archivePrefix={arXiv},
    primaryClass={stat.ML}
}

@article{lecun2010mnist,
  title={MNIST handwritten digit database},
  author={LeCun, Yann and Cortes, Corinna and Burges, CJ},
  journal={ATT Labs [Online]. Available: http://yann.lecun.com/exdb/mnist},
  volume={2},
  year={2010}
}

@misc{ilyas2019adversarial,
    title={Adversarial Examples Are Not Bugs, They Are Features},
    author={Andrew Ilyas and Shibani Santurkar and Dimitris Tsipras and Logan Engstrom and Brandon Tran and Aleksander Madry},
    year={2019},
    eprint={1905.02175},
    archivePrefix={arXiv},
    primaryClass={stat.ML}
}
